%YAML 1.1
%TAG !u! tag:unity3d.com,2011:
--- !u!29 &1
OcclusionCullingSettings:
  m_ObjectHideFlags: 0
  serializedVersion: 2
  m_OcclusionBakeSettings:
    smallestOccluder: 5
    smallestHole: 0.25
    backfaceThreshold: 100
  m_SceneGUID: 00000000000000000000000000000000
  m_OcclusionCullingData: {fileID: 0}
--- !u!104 &2
RenderSettings:
  m_ObjectHideFlags: 0
  serializedVersion: 9
  m_Fog: 1
  m_FogColor: {r: 0.6509804, g: 0.6666667, b: 0.7058824, a: 1}
  m_FogMode: 3
  m_FogDensity: 0.0001
  m_LinearFogStart: 0
  m_LinearFogEnd: 300
  m_AmbientSkyColor: {r: 0.4544322, g: 0.51993597, b: 0.6509434, a: 1}
  m_AmbientEquatorColor: {r: 0.114, g: 0.125, b: 0.133, a: 1}
  m_AmbientGroundColor: {r: 0.047, g: 0.043, b: 0.035, a: 1}
  m_AmbientIntensity: 1
  m_AmbientMode: 1
  m_SubtractiveShadowColor: {r: 0.42, g: 0.478, b: 0.627, a: 1}
  m_SkyboxMaterial: {fileID: 2100000, guid: 27d5ed58157e6d7b79d5262de752f4aa, type: 2}
  m_HaloStrength: 0.5
  m_FlareStrength: 1
  m_FlareFadeSpeed: 3
  m_HaloTexture: {fileID: 0}
  m_SpotCookie: {fileID: 10001, guid: 0000000000000000e000000000000000, type: 0}
  m_DefaultReflectionMode: 0
  m_DefaultReflectionResolution: 128
  m_ReflectionBounces: 1
  m_ReflectionIntensity: 1
  m_CustomReflection: {fileID: 0}
  m_Sun: {fileID: 1553865031}
  m_IndirectSpecularColor: {r: 0.2118222, g: 0.16579182, b: 0.082638666, a: 1}
  m_UseRadianceAmbientProbe: 0
--- !u!157 &3
LightmapSettings:
  m_ObjectHideFlags: 0
  serializedVersion: 12
  m_GIWorkflowMode: 1
  m_GISettings:
    serializedVersion: 2
    m_BounceScale: 1
    m_IndirectOutputScale: 1
    m_AlbedoBoost: 1
    m_EnvironmentLightingMode: 0
    m_EnableBakedLightmaps: 0
    m_EnableRealtimeLightmaps: 0
  m_LightmapEditorSettings:
    serializedVersion: 12
    m_Resolution: 2
    m_BakeResolution: 40
    m_AtlasSize: 1024
    m_AO: 0
    m_AOMaxDistance: 1
    m_CompAOExponent: 1
    m_CompAOExponentDirect: 0
    m_ExtractAmbientOcclusion: 0
    m_Padding: 2
    m_LightmapParameters: {fileID: 0}
    m_LightmapsBakeMode: 1
    m_TextureCompression: 1
    m_FinalGather: 0
    m_FinalGatherFiltering: 1
    m_FinalGatherRayCount: 256
    m_ReflectionCompression: 2
    m_MixedBakeMode: 2
    m_BakeBackend: 1
    m_PVRSampling: 1
    m_PVRDirectSampleCount: 32
    m_PVRSampleCount: 512
    m_PVRBounces: 2
    m_PVREnvironmentSampleCount: 256
    m_PVREnvironmentReferencePointCount: 2048
    m_PVRFilteringMode: 1
    m_PVRDenoiserTypeDirect: 1
    m_PVRDenoiserTypeIndirect: 1
    m_PVRDenoiserTypeAO: 1
    m_PVRFilterTypeDirect: 0
    m_PVRFilterTypeIndirect: 0
    m_PVRFilterTypeAO: 0
    m_PVREnvironmentMIS: 1
    m_PVRCulling: 1
    m_PVRFilteringGaussRadiusDirect: 1
    m_PVRFilteringGaussRadiusIndirect: 5
    m_PVRFilteringGaussRadiusAO: 2
    m_PVRFilteringAtrousPositionSigmaDirect: 0.5
    m_PVRFilteringAtrousPositionSigmaIndirect: 2
    m_PVRFilteringAtrousPositionSigmaAO: 1
    m_ExportTrainingData: 0
    m_TrainingDataDestination: TrainingData
    m_LightProbeSampleCountMultiplier: 4
  m_LightingDataAsset: {fileID: 112000000, guid: 1ca1f823aa4ceaf1396da716519f13d3,
    type: 2}
  m_LightingSettings: {fileID: 4890085278179872738, guid: e742774d7f2ba3420b7b9cfbeb4186d9,
    type: 2}
--- !u!196 &4
NavMeshSettings:
  serializedVersion: 2
  m_ObjectHideFlags: 0
  m_BuildSettings:
    serializedVersion: 2
    agentTypeID: 0
    agentRadius: 0.5
    agentHeight: 2
    agentSlope: 45
    agentClimb: 0.4
    ledgeDropHeight: 0
    maxJumpAcrossDistance: 0
    minRegionArea: 2
    manualCellSize: 0
    cellSize: 0.16666667
    manualTileSize: 0
    tileSize: 256
    accuratePlacement: 0
    maxJobWorkers: 0
    preserveTilesOutsideBounds: 0
    debug:
      m_Flags: 0
  m_NavMeshData: {fileID: 0}
--- !u!1001 &192566470
PrefabInstance:
  m_ObjectHideFlags: 0
  serializedVersion: 2
  m_Modification:
    m_TransformParent: {fileID: 1184632088}
    m_Modifications:
    - target: {fileID: 1216273166525843727, guid: 1adbf80d03b126df684c37a978ac478f,
        type: 3}
      propertyPath: m_RootOrder
      value: 1
      objectReference: {fileID: 0}
    - target: {fileID: 1216273166525843727, guid: 1adbf80d03b126df684c37a978ac478f,
        type: 3}
      propertyPath: m_LocalPosition.x
      value: -40.190002
      objectReference: {fileID: 0}
    - target: {fileID: 1216273166525843727, guid: 1adbf80d03b126df684c37a978ac478f,
        type: 3}
      propertyPath: m_LocalPosition.y
      value: 9.7773285
      objectReference: {fileID: 0}
    - target: {fileID: 1216273166525843727, guid: 1adbf80d03b126df684c37a978ac478f,
        type: 3}
      propertyPath: m_LocalPosition.z
      value: -59.9
      objectReference: {fileID: 0}
    - target: {fileID: 1216273166525843727, guid: 1adbf80d03b126df684c37a978ac478f,
        type: 3}
      propertyPath: m_LocalRotation.x
      value: -0
      objectReference: {fileID: 0}
    - target: {fileID: 1216273166525843727, guid: 1adbf80d03b126df684c37a978ac478f,
        type: 3}
      propertyPath: m_LocalRotation.y
      value: -0
      objectReference: {fileID: 0}
    - target: {fileID: 1216273166525843727, guid: 1adbf80d03b126df684c37a978ac478f,
        type: 3}
      propertyPath: m_LocalRotation.z
      value: -0
      objectReference: {fileID: 0}
    - target: {fileID: 1993619831775859637, guid: 1adbf80d03b126df684c37a978ac478f,
        type: 3}
      propertyPath: m_Name
      value: Turbine Avessac 1
      objectReference: {fileID: 0}
    m_RemovedComponents: []
  m_SourcePrefab: {fileID: 100100000, guid: 1adbf80d03b126df684c37a978ac478f, type: 3}
--- !u!4 &192566471 stripped
Transform:
  m_CorrespondingSourceObject: {fileID: 1216273166525843727, guid: 1adbf80d03b126df684c37a978ac478f,
    type: 3}
  m_PrefabInstance: {fileID: 192566470}
  m_PrefabAsset: {fileID: 0}
--- !u!1 &192566472 stripped
GameObject:
  m_CorrespondingSourceObject: {fileID: 1993619831775859637, guid: 1adbf80d03b126df684c37a978ac478f,
    type: 3}
  m_PrefabInstance: {fileID: 192566470}
  m_PrefabAsset: {fileID: 0}
--- !u!114 &192566473
MonoBehaviour:
  m_ObjectHideFlags: 0
  m_CorrespondingSourceObject: {fileID: 0}
  m_PrefabInstance: {fileID: 0}
  m_PrefabAsset: {fileID: 0}
  m_GameObject: {fileID: 192566472}
  m_Enabled: 1
  m_EditorHideFlags: 0
  m_Script: {fileID: 11500000, guid: 09c09d429686a28b19670a0225c729ac, type: 3}
  m_Name: 
  m_EditorClassIdentifier: 
  height: 93
  diameter: 4.5
  rotorDiameter: 114
--- !u!114 &192566474
MonoBehaviour:
  m_ObjectHideFlags: 0
  m_CorrespondingSourceObject: {fileID: 0}
  m_PrefabInstance: {fileID: 0}
  m_PrefabAsset: {fileID: 0}
  m_GameObject: {fileID: 192566472}
  m_Enabled: 1
  m_EditorHideFlags: 0
  m_Script: {fileID: 11500000, guid: c927fb30beda51f8d9beff25e6e7e57c, type: 3}
  m_Name: 
  m_EditorClassIdentifier: 
  latitude: 47.6146976396161
  longitude: -2.00967284184984
  altitude: 0
--- !u!1001 &489876071
PrefabInstance:
  m_ObjectHideFlags: 0
  serializedVersion: 2
  m_Modification:
    m_TransformParent: {fileID: 1184632088}
    m_Modifications:
    - target: {fileID: 1216273166525843727, guid: 1adbf80d03b126df684c37a978ac478f,
        type: 3}
      propertyPath: m_RootOrder
      value: 0
      objectReference: {fileID: 0}
    - target: {fileID: 1216273166525843727, guid: 1adbf80d03b126df684c37a978ac478f,
        type: 3}
      propertyPath: m_LocalPosition.x
      value: -28.853176
      objectReference: {fileID: 0}
    - target: {fileID: 1216273166525843727, guid: 1adbf80d03b126df684c37a978ac478f,
        type: 3}
      propertyPath: m_LocalPosition.y
      value: 9.7773285
      objectReference: {fileID: 0}
    - target: {fileID: 1216273166525843727, guid: 1adbf80d03b126df684c37a978ac478f,
        type: 3}
      propertyPath: m_LocalPosition.z
      value: -59.9
      objectReference: {fileID: 0}
    - target: {fileID: 1216273166525843727, guid: 1adbf80d03b126df684c37a978ac478f,
        type: 3}
      propertyPath: m_LocalRotation.x
      value: -0
      objectReference: {fileID: 0}
    - target: {fileID: 1216273166525843727, guid: 1adbf80d03b126df684c37a978ac478f,
        type: 3}
      propertyPath: m_LocalRotation.y
      value: -0
      objectReference: {fileID: 0}
    - target: {fileID: 1216273166525843727, guid: 1adbf80d03b126df684c37a978ac478f,
        type: 3}
      propertyPath: m_LocalRotation.z
      value: -0
      objectReference: {fileID: 0}
    - target: {fileID: 1993619831775859637, guid: 1adbf80d03b126df684c37a978ac478f,
        type: 3}
      propertyPath: m_Name
      value: Turbine Avessac 0
      objectReference: {fileID: 0}
    m_RemovedComponents: []
  m_SourcePrefab: {fileID: 100100000, guid: 1adbf80d03b126df684c37a978ac478f, type: 3}
--- !u!4 &489876072 stripped
Transform:
  m_CorrespondingSourceObject: {fileID: 1216273166525843727, guid: 1adbf80d03b126df684c37a978ac478f,
    type: 3}
  m_PrefabInstance: {fileID: 489876071}
  m_PrefabAsset: {fileID: 0}
--- !u!1 &489876073 stripped
GameObject:
  m_CorrespondingSourceObject: {fileID: 1993619831775859637, guid: 1adbf80d03b126df684c37a978ac478f,
    type: 3}
  m_PrefabInstance: {fileID: 489876071}
  m_PrefabAsset: {fileID: 0}
--- !u!114 &489876074
MonoBehaviour:
  m_ObjectHideFlags: 0
  m_CorrespondingSourceObject: {fileID: 0}
  m_PrefabInstance: {fileID: 0}
  m_PrefabAsset: {fileID: 0}
  m_GameObject: {fileID: 489876073}
  m_Enabled: 1
  m_EditorHideFlags: 0
  m_Script: {fileID: 11500000, guid: 09c09d429686a28b19670a0225c729ac, type: 3}
  m_Name: 
  m_EditorClassIdentifier: 
  height: 93
  diameter: 4.5
  rotorDiameter: 114
--- !u!114 &489876075
MonoBehaviour:
  m_ObjectHideFlags: 0
  m_CorrespondingSourceObject: {fileID: 0}
  m_PrefabInstance: {fileID: 0}
  m_PrefabAsset: {fileID: 0}
  m_GameObject: {fileID: 489876073}
  m_Enabled: 1
  m_EditorHideFlags: 0
  m_Script: {fileID: 11500000, guid: c927fb30beda51f8d9beff25e6e7e57c, type: 3}
  m_Name: 
  m_EditorClassIdentifier: 
  latitude: 47.6111343318838
  longitude: -2.00233582627615
  altitude: 0
--- !u!1 &500265762
GameObject:
  m_ObjectHideFlags: 0
  m_CorrespondingSourceObject: {fileID: 0}
  m_PrefabInstance: {fileID: 0}
  m_PrefabAsset: {fileID: 0}
  serializedVersion: 6
  m_Component:
  - component: {fileID: 500265764}
  - component: {fileID: 500265763}
  m_Layer: 0
  m_Name: ElevationProvider
  m_TagString: Untagged
  m_Icon: {fileID: 0}
  m_NavMeshLayer: 0
  m_StaticEditorFlags: 0
  m_IsActive: 1
--- !u!114 &500265763
MonoBehaviour:
  m_ObjectHideFlags: 0
  m_CorrespondingSourceObject: {fileID: 0}
  m_PrefabInstance: {fileID: 0}
  m_PrefabAsset: {fileID: 0}
  m_GameObject: {fileID: 500265762}
  m_Enabled: 1
  m_EditorHideFlags: 0
  m_Script: {fileID: 11500000, guid: 4688fefa51be2d240a06244eea53b04e, type: 3}
  m_Name: 
  m_EditorClassIdentifier: 
--- !u!4 &500265764
Transform:
  m_ObjectHideFlags: 0
  m_CorrespondingSourceObject: {fileID: 0}
  m_PrefabInstance: {fileID: 0}
  m_PrefabAsset: {fileID: 0}
  m_GameObject: {fileID: 500265762}
  m_LocalRotation: {x: 0, y: 0, z: 0, w: 1}
  m_LocalPosition: {x: 12.227, y: -5.406516, z: 8.616264}
  m_LocalScale: {x: 1, y: 1, z: 1}
  m_Children: []
  m_Father: {fileID: 0}
  m_RootOrder: 8
  m_LocalEulerAnglesHint: {x: 0, y: 0, z: 0}
--- !u!1 &554133071
GameObject:
  m_ObjectHideFlags: 0
  m_CorrespondingSourceObject: {fileID: 0}
  m_PrefabInstance: {fileID: 0}
  m_PrefabAsset: {fileID: 0}
  serializedVersion: 6
  m_Component:
  - component: {fileID: 554133074}
  - component: {fileID: 554133073}
  - component: {fileID: 554133072}
  m_Layer: 0
  m_Name: EventSystem
  m_TagString: Untagged
  m_Icon: {fileID: 0}
  m_NavMeshLayer: 0
  m_StaticEditorFlags: 0
  m_IsActive: 1
--- !u!114 &554133072
MonoBehaviour:
  m_ObjectHideFlags: 0
  m_CorrespondingSourceObject: {fileID: 0}
  m_PrefabInstance: {fileID: 0}
  m_PrefabAsset: {fileID: 0}
  m_GameObject: {fileID: 554133071}
  m_Enabled: 1
  m_EditorHideFlags: 0
  m_Script: {fileID: 11500000, guid: 4f231c4fb786f3946a6b90b886c48677, type: 3}
  m_Name: 
  m_EditorClassIdentifier: 
  m_HorizontalAxis: Horizontal
  m_VerticalAxis: Vertical
  m_SubmitButton: Submit
  m_CancelButton: Cancel
  m_InputActionsPerSecond: 10
  m_RepeatDelay: 0.5
  m_ForceModuleActive: 0
--- !u!114 &554133073
MonoBehaviour:
  m_ObjectHideFlags: 0
  m_CorrespondingSourceObject: {fileID: 0}
  m_PrefabInstance: {fileID: 0}
  m_PrefabAsset: {fileID: 0}
  m_GameObject: {fileID: 554133071}
  m_Enabled: 1
  m_EditorHideFlags: 0
  m_Script: {fileID: 11500000, guid: 76c392e42b5098c458856cdf6ecaaaa1, type: 3}
  m_Name: 
  m_EditorClassIdentifier: 
  m_FirstSelected: {fileID: 0}
  m_sendNavigationEvents: 1
  m_DragThreshold: 10
--- !u!4 &554133074
Transform:
  m_ObjectHideFlags: 0
  m_CorrespondingSourceObject: {fileID: 0}
  m_PrefabInstance: {fileID: 0}
  m_PrefabAsset: {fileID: 0}
  m_GameObject: {fileID: 554133071}
  m_LocalRotation: {x: 0, y: 0, z: 0, w: 1}
  m_LocalPosition: {x: 0, y: 0, z: 0}
  m_LocalScale: {x: 1, y: 1, z: 1}
  m_Children: []
  m_Father: {fileID: 0}
  m_RootOrder: 0
  m_LocalEulerAnglesHint: {x: 0, y: 0, z: 0}
--- !u!1 &740407246
GameObject:
  m_ObjectHideFlags: 0
  m_CorrespondingSourceObject: {fileID: 0}
  m_PrefabInstance: {fileID: 0}
  m_PrefabAsset: {fileID: 0}
  serializedVersion: 6
  m_Component:
  - component: {fileID: 740407248}
  - component: {fileID: 740407247}
  m_Layer: 0
  m_Name: Position Manager
  m_TagString: Untagged
  m_Icon: {fileID: 0}
  m_NavMeshLayer: 0
  m_StaticEditorFlags: 0
  m_IsActive: 1
--- !u!114 &740407247
MonoBehaviour:
  m_ObjectHideFlags: 0
  m_CorrespondingSourceObject: {fileID: 0}
  m_PrefabInstance: {fileID: 0}
  m_PrefabAsset: {fileID: 0}
  m_GameObject: {fileID: 740407246}
  m_Enabled: 1
  m_EditorHideFlags: 0
  m_Script: {fileID: 11500000, guid: 1cbdcb778929876e4bc56ef438f09a63, type: 3}
  m_Name: 
  m_EditorClassIdentifier: 
  latitude: 47.61
  longitude: -2.008
  altitude: 32
--- !u!4 &740407248
Transform:
  m_ObjectHideFlags: 0
  m_CorrespondingSourceObject: {fileID: 0}
  m_PrefabInstance: {fileID: 0}
  m_PrefabAsset: {fileID: 0}
  m_GameObject: {fileID: 740407246}
  m_LocalRotation: {x: 0, y: 0, z: 0, w: 1}
  m_LocalPosition: {x: 0, y: 0, z: 0}
  m_LocalScale: {x: 1, y: 1, z: 1}
  m_Children: []
  m_Father: {fileID: 0}
  m_RootOrder: 3
  m_LocalEulerAnglesHint: {x: 0, y: 0, z: 0}
--- !u!1001 &754059480
PrefabInstance:
  m_ObjectHideFlags: 0
  serializedVersion: 2
  m_Modification:
    m_TransformParent: {fileID: 0}
    m_Modifications:
    - target: {fileID: 1108467020393643915, guid: 32ecffe5438b76420a3949ae0bd1969d,
        type: 3}
      propertyPath: m_Pivot.x
      value: 0
      objectReference: {fileID: 0}
    - target: {fileID: 1108467020393643915, guid: 32ecffe5438b76420a3949ae0bd1969d,
        type: 3}
      propertyPath: m_Pivot.y
      value: 0
      objectReference: {fileID: 0}
    - target: {fileID: 1108467020393643915, guid: 32ecffe5438b76420a3949ae0bd1969d,
        type: 3}
      propertyPath: m_RootOrder
      value: 2
      objectReference: {fileID: 0}
    - target: {fileID: 1108467020393643915, guid: 32ecffe5438b76420a3949ae0bd1969d,
        type: 3}
      propertyPath: m_SizeDelta.x
      value: 0
      objectReference: {fileID: 0}
    - target: {fileID: 1108467020393643915, guid: 32ecffe5438b76420a3949ae0bd1969d,
        type: 3}
      propertyPath: m_SizeDelta.y
      value: 0
      objectReference: {fileID: 0}
    - target: {fileID: 1108467020393643915, guid: 32ecffe5438b76420a3949ae0bd1969d,
        type: 3}
      propertyPath: m_LocalPosition.x
      value: 0
      objectReference: {fileID: 0}
    - target: {fileID: 1108467020393643915, guid: 32ecffe5438b76420a3949ae0bd1969d,
        type: 3}
      propertyPath: m_LocalPosition.y
      value: 0
      objectReference: {fileID: 0}
    - target: {fileID: 1108467020393643915, guid: 32ecffe5438b76420a3949ae0bd1969d,
        type: 3}
      propertyPath: m_LocalPosition.z
      value: 0
      objectReference: {fileID: 0}
    - target: {fileID: 1108467020393643915, guid: 32ecffe5438b76420a3949ae0bd1969d,
        type: 3}
      propertyPath: m_AnchoredPosition.x
      value: 0
      objectReference: {fileID: 0}
    - target: {fileID: 1108467020393643915, guid: 32ecffe5438b76420a3949ae0bd1969d,
        type: 3}
      propertyPath: m_AnchoredPosition.y
      value: 0
      objectReference: {fileID: 0}
    - target: {fileID: 1108467020393643915, guid: 32ecffe5438b76420a3949ae0bd1969d,
        type: 3}
      propertyPath: m_LocalEulerAnglesHint.x
      value: 0
      objectReference: {fileID: 0}
    - target: {fileID: 1108467020393643915, guid: 32ecffe5438b76420a3949ae0bd1969d,
        type: 3}
      propertyPath: m_LocalEulerAnglesHint.y
      value: 0
      objectReference: {fileID: 0}
    - target: {fileID: 1108467020393643915, guid: 32ecffe5438b76420a3949ae0bd1969d,
        type: 3}
      propertyPath: m_LocalEulerAnglesHint.z
      value: 0
      objectReference: {fileID: 0}
    - target: {fileID: 8402450002313077864, guid: 32ecffe5438b76420a3949ae0bd1969d,
        type: 3}
      propertyPath: m_Name
      value: Alerts
      objectReference: {fileID: 0}
    m_RemovedComponents: []
  m_SourcePrefab: {fileID: 100100000, guid: 32ecffe5438b76420a3949ae0bd1969d, type: 3}
--- !u!1 &1184632087
GameObject:
  m_ObjectHideFlags: 0
  m_CorrespondingSourceObject: {fileID: 0}
  m_PrefabInstance: {fileID: 0}
  m_PrefabAsset: {fileID: 0}
  serializedVersion: 6
  m_Component:
  - component: {fileID: 1184632088}
  m_Layer: 0
  m_Name: HardcodedTurbines
  m_TagString: Untagged
  m_Icon: {fileID: 0}
  m_NavMeshLayer: 0
  m_StaticEditorFlags: 0
  m_IsActive: 1
--- !u!4 &1184632088
Transform:
  m_ObjectHideFlags: 0
  m_CorrespondingSourceObject: {fileID: 0}
  m_PrefabInstance: {fileID: 0}
  m_PrefabAsset: {fileID: 0}
  m_GameObject: {fileID: 1184632087}
  m_LocalRotation: {x: 0, y: 0, z: 0, w: 1}
  m_LocalPosition: {x: 0, y: 0, z: 0}
  m_LocalScale: {x: 1, y: 1, z: 1}
  m_Children:
  - {fileID: 489876072}
  - {fileID: 192566471}
  - {fileID: 1505002371}
  - {fileID: 1467390246}
  - {fileID: 1219021478}
  m_Father: {fileID: 0}
  m_RootOrder: 11
  m_LocalEulerAnglesHint: {x: 0, y: 0, z: 0}
--- !u!1001 &1219021477
PrefabInstance:
  m_ObjectHideFlags: 0
  serializedVersion: 2
  m_Modification:
    m_TransformParent: {fileID: 1184632088}
    m_Modifications:
    - target: {fileID: 1216273166525843727, guid: 1adbf80d03b126df684c37a978ac478f,
        type: 3}
      propertyPath: m_RootOrder
      value: 4
      objectReference: {fileID: 0}
    - target: {fileID: 1216273166525843727, guid: 1adbf80d03b126df684c37a978ac478f,
        type: 3}
      propertyPath: m_LocalPosition.x
      value: -93.5
      objectReference: {fileID: 0}
    - target: {fileID: 1216273166525843727, guid: 1adbf80d03b126df684c37a978ac478f,
        type: 3}
      propertyPath: m_LocalPosition.y
      value: 9.7773285
      objectReference: {fileID: 0}
    - target: {fileID: 1216273166525843727, guid: 1adbf80d03b126df684c37a978ac478f,
        type: 3}
      propertyPath: m_LocalPosition.z
      value: -59.9
      objectReference: {fileID: 0}
    - target: {fileID: 1216273166525843727, guid: 1adbf80d03b126df684c37a978ac478f,
        type: 3}
      propertyPath: m_LocalRotation.x
      value: -0
      objectReference: {fileID: 0}
    - target: {fileID: 1216273166525843727, guid: 1adbf80d03b126df684c37a978ac478f,
        type: 3}
      propertyPath: m_LocalRotation.y
      value: -0
      objectReference: {fileID: 0}
    - target: {fileID: 1216273166525843727, guid: 1adbf80d03b126df684c37a978ac478f,
        type: 3}
      propertyPath: m_LocalRotation.z
      value: -0
      objectReference: {fileID: 0}
    - target: {fileID: 1993619831775859637, guid: 1adbf80d03b126df684c37a978ac478f,
        type: 3}
      propertyPath: m_Name
      value: Turbine Avessac 4
      objectReference: {fileID: 0}
    m_RemovedComponents: []
  m_SourcePrefab: {fileID: 100100000, guid: 1adbf80d03b126df684c37a978ac478f, type: 3}
--- !u!4 &1219021478 stripped
Transform:
  m_CorrespondingSourceObject: {fileID: 1216273166525843727, guid: 1adbf80d03b126df684c37a978ac478f,
    type: 3}
  m_PrefabInstance: {fileID: 1219021477}
  m_PrefabAsset: {fileID: 0}
--- !u!1 &1219021479 stripped
GameObject:
  m_CorrespondingSourceObject: {fileID: 1993619831775859637, guid: 1adbf80d03b126df684c37a978ac478f,
    type: 3}
  m_PrefabInstance: {fileID: 1219021477}
  m_PrefabAsset: {fileID: 0}
--- !u!114 &1219021480
MonoBehaviour:
  m_ObjectHideFlags: 0
  m_CorrespondingSourceObject: {fileID: 0}
  m_PrefabInstance: {fileID: 0}
  m_PrefabAsset: {fileID: 0}
  m_GameObject: {fileID: 1219021479}
  m_Enabled: 1
  m_EditorHideFlags: 0
  m_Script: {fileID: 11500000, guid: 09c09d429686a28b19670a0225c729ac, type: 3}
  m_Name: 
  m_EditorClassIdentifier: 
  height: 93
  diameter: 4.5
  rotorDiameter: 114
--- !u!114 &1219021481
MonoBehaviour:
  m_ObjectHideFlags: 0
  m_CorrespondingSourceObject: {fileID: 0}
  m_PrefabInstance: {fileID: 0}
  m_PrefabAsset: {fileID: 0}
  m_GameObject: {fileID: 1219021479}
  m_Enabled: 1
  m_EditorHideFlags: 0
  m_Script: {fileID: 11500000, guid: c927fb30beda51f8d9beff25e6e7e57c, type: 3}
  m_Name: 
  m_EditorClassIdentifier: 
  latitude: 47.6184131124407
  longitude: -2.01786559207353
  altitude: 0
--- !u!1 &1265818073
GameObject:
  m_ObjectHideFlags: 0
  m_CorrespondingSourceObject: {fileID: 0}
  m_PrefabInstance: {fileID: 0}
  m_PrefabAsset: {fileID: 0}
  serializedVersion: 6
  m_Component:
  - component: {fileID: 1265818080}
  - component: {fileID: 1265818078}
  - component: {fileID: 1265818077}
  - component: {fileID: 1265818076}
  - component: {fileID: 1265818075}
  - component: {fileID: 1265818074}
  m_Layer: 0
  m_Name: Main Camera
  m_TagString: MainCamera
  m_Icon: {fileID: 0}
  m_NavMeshLayer: 0
  m_StaticEditorFlags: 0
  m_IsActive: 1
--- !u!114 &1265818074
MonoBehaviour:
  m_ObjectHideFlags: 0
  m_CorrespondingSourceObject: {fileID: 0}
  m_PrefabInstance: {fileID: 0}
  m_PrefabAsset: {fileID: 0}
  m_GameObject: {fileID: 1265818073}
  m_Enabled: 1
  m_EditorHideFlags: 0
  m_Script: {fileID: 11500000, guid: a79441f348de89743a2939f4d699eac1, type: 3}
  m_Name: 
  m_EditorClassIdentifier: 
  m_RenderShadows: 1
  m_RequiresDepthTextureOption: 2
  m_RequiresOpaqueTextureOption: 2
  m_CameraType: 0
  m_Cameras: []
  m_RendererIndex: -1
  m_VolumeLayerMask:
    serializedVersion: 2
    m_Bits: 1
  m_VolumeTrigger: {fileID: 0}
  m_RenderPostProcessing: 1
  m_Antialiasing: 1
  m_AntialiasingQuality: 2
  m_StopNaN: 0
  m_Dithering: 0
  m_ClearDepth: 1
  m_AllowXRRendering: 1
  m_RequiresDepthTexture: 0
  m_RequiresColorTexture: 0
  m_Version: 2
--- !u!81 &1265818075
AudioListener:
  m_ObjectHideFlags: 0
  m_CorrespondingSourceObject: {fileID: 0}
  m_PrefabInstance: {fileID: 0}
  m_PrefabAsset: {fileID: 0}
  m_GameObject: {fileID: 1265818073}
  m_Enabled: 1
--- !u!20 &1265818076
Camera:
  m_ObjectHideFlags: 0
  m_CorrespondingSourceObject: {fileID: 0}
  m_PrefabInstance: {fileID: 0}
  m_PrefabAsset: {fileID: 0}
  m_GameObject: {fileID: 1265818073}
  m_Enabled: 1
  serializedVersion: 2
  m_ClearFlags: 1
  m_BackGroundColor: {r: 0.19215687, g: 0.3019608, b: 0.4745098, a: 0}
  m_projectionMatrixMode: 1
  m_GateFitMode: 2
  m_FOVAxisMode: 0
  m_SensorSize: {x: 36, y: 24}
  m_LensShift: {x: 0, y: 0}
  m_FocalLength: 50
  m_NormalizedViewPortRect:
    serializedVersion: 2
    x: 0
    y: 0
    width: 1
    height: 1
  near clip plane: 0.5
  far clip plane: 3000
  field of view: 60
  orthographic: 0
  orthographic size: 5
  m_Depth: -1
  m_CullingMask:
    serializedVersion: 2
    m_Bits: 4294967295
  m_RenderingPath: -1
  m_TargetTexture: {fileID: 0}
  m_TargetDisplay: 0
  m_TargetEye: 3
  m_HDR: 1
  m_AllowMSAA: 1
  m_AllowDynamicResolution: 0
  m_ForceIntoRT: 1
  m_OcclusionCulling: 0
  m_StereoConvergence: 10
  m_StereoSeparation: 0.022
--- !u!114 &1265818077
MonoBehaviour:
  m_ObjectHideFlags: 0
  m_CorrespondingSourceObject: {fileID: 0}
  m_PrefabInstance: {fileID: 0}
  m_PrefabAsset: {fileID: 0}
  m_GameObject: {fileID: 1265818073}
  m_Enabled: 0
  m_EditorHideFlags: 0
  m_Script: {fileID: 11500000, guid: 96e1e36185d871da083649913a6bc4ab, type: 3}
  m_Name: 
  m_EditorClassIdentifier: 
  SkyMaterial: {fileID: 2100000, guid: 0ffaa0b7117ba8c47a9d05ae701d4b4d, type: 2}
--- !u!114 &1265818078
MonoBehaviour:
  m_ObjectHideFlags: 0
  m_CorrespondingSourceObject: {fileID: 0}
  m_PrefabInstance: {fileID: 0}
  m_PrefabAsset: {fileID: 0}
  m_GameObject: {fileID: 1265818073}
  m_Enabled: 1
  m_EditorHideFlags: 0
  m_Script: {fileID: 11500000, guid: 2f298c4ab9fe2ddb194fe55cd9369f49, type: 3}
  m_Name: 
  m_EditorClassIdentifier: 
--- !u!4 &1265818080
Transform:
  m_ObjectHideFlags: 0
  m_CorrespondingSourceObject: {fileID: 0}
  m_PrefabInstance: {fileID: 0}
  m_PrefabAsset: {fileID: 0}
  m_GameObject: {fileID: 1265818073}
  m_LocalRotation: {x: 0, y: 0, z: 0, w: 1}
  m_LocalPosition: {x: 0, y: 1.65, z: 0}
  m_LocalScale: {x: 1, y: 1, z: 1}
  m_Children: []
  m_Father: {fileID: 0}
  m_RootOrder: 4
  m_LocalEulerAnglesHint: {x: 0, y: 0, z: 0}
--- !u!1001 &1275400754
PrefabInstance:
  m_ObjectHideFlags: 0
  serializedVersion: 2
  m_Modification:
    m_TransformParent: {fileID: 0}
    m_Modifications:
    - target: {fileID: 2929396783317456678, guid: 881c5162d5be251a8bfe241ce6cdfe2f,
        type: 3}
      propertyPath: m_Name
      value: Ground
      objectReference: {fileID: 0}
    - target: {fileID: 2929396783317456683, guid: 881c5162d5be251a8bfe241ce6cdfe2f,
        type: 3}
      propertyPath: m_RootOrder
      value: 9
      objectReference: {fileID: 0}
    - target: {fileID: 2929396783317456683, guid: 881c5162d5be251a8bfe241ce6cdfe2f,
        type: 3}
      propertyPath: m_LocalEulerAnglesHint.x
      value: 0
      objectReference: {fileID: 0}
    - target: {fileID: 2929396783317456683, guid: 881c5162d5be251a8bfe241ce6cdfe2f,
        type: 3}
      propertyPath: m_LocalEulerAnglesHint.y
      value: 0
      objectReference: {fileID: 0}
    - target: {fileID: 2929396783317456683, guid: 881c5162d5be251a8bfe241ce6cdfe2f,
        type: 3}
      propertyPath: m_LocalEulerAnglesHint.z
      value: 0
      objectReference: {fileID: 0}
    m_RemovedComponents: []
  m_SourcePrefab: {fileID: 100100000, guid: 881c5162d5be251a8bfe241ce6cdfe2f, type: 3}
--- !u!1 &1309109257
GameObject:
  m_ObjectHideFlags: 0
  m_CorrespondingSourceObject: {fileID: 0}
  m_PrefabInstance: {fileID: 0}
  m_PrefabAsset: {fileID: 0}
  serializedVersion: 6
  m_Component:
  - component: {fileID: 1309109259}
  - component: {fileID: 1309109258}
  m_Layer: 0
  m_Name: Post-process Volume
  m_TagString: Untagged
  m_Icon: {fileID: 0}
  m_NavMeshLayer: 0
  m_StaticEditorFlags: 0
  m_IsActive: 1
--- !u!114 &1309109258
MonoBehaviour:
  m_ObjectHideFlags: 0
  m_CorrespondingSourceObject: {fileID: 0}
  m_PrefabInstance: {fileID: 0}
  m_PrefabAsset: {fileID: 0}
  m_GameObject: {fileID: 1309109257}
  m_Enabled: 1
  m_EditorHideFlags: 0
  m_Script: {fileID: 11500000, guid: 172515602e62fb746b5d573b38a5fe58, type: 3}
  m_Name: 
  m_EditorClassIdentifier: 
  isGlobal: 1
  priority: 0
  blendDistance: 0
  weight: 1
  sharedProfile: {fileID: 11400000, guid: 10fc4df2da32a41aaa32d77bc913491c, type: 2}
--- !u!4 &1309109259
Transform:
  m_ObjectHideFlags: 0
  m_CorrespondingSourceObject: {fileID: 0}
  m_PrefabInstance: {fileID: 0}
  m_PrefabAsset: {fileID: 0}
  m_GameObject: {fileID: 1309109257}
  m_LocalRotation: {x: -0, y: -0, z: -0, w: 1}
  m_LocalPosition: {x: 0, y: 0, z: 0}
  m_LocalScale: {x: 1, y: 1, z: 1}
  m_Children: []
  m_Father: {fileID: 0}
  m_RootOrder: 7
  m_LocalEulerAnglesHint: {x: 0, y: 0, z: 0}
--- !u!1001 &1467390245
PrefabInstance:
  m_ObjectHideFlags: 0
  serializedVersion: 2
  m_Modification:
    m_TransformParent: {fileID: 1184632088}
    m_Modifications:
    - target: {fileID: 1216273166525843727, guid: 1adbf80d03b126df684c37a978ac478f,
        type: 3}
      propertyPath: m_RootOrder
      value: 3
      objectReference: {fileID: 0}
    - target: {fileID: 1216273166525843727, guid: 1adbf80d03b126df684c37a978ac478f,
        type: 3}
      propertyPath: m_LocalPosition.x
      value: -71.5
      objectReference: {fileID: 0}
    - target: {fileID: 1216273166525843727, guid: 1adbf80d03b126df684c37a978ac478f,
        type: 3}
      propertyPath: m_LocalPosition.y
      value: 9.7773285
      objectReference: {fileID: 0}
    - target: {fileID: 1216273166525843727, guid: 1adbf80d03b126df684c37a978ac478f,
        type: 3}
      propertyPath: m_LocalPosition.z
      value: -59.9
      objectReference: {fileID: 0}
    - target: {fileID: 1216273166525843727, guid: 1adbf80d03b126df684c37a978ac478f,
        type: 3}
      propertyPath: m_LocalRotation.x
      value: -0
      objectReference: {fileID: 0}
    - target: {fileID: 1216273166525843727, guid: 1adbf80d03b126df684c37a978ac478f,
        type: 3}
      propertyPath: m_LocalRotation.y
      value: -0
      objectReference: {fileID: 0}
    - target: {fileID: 1216273166525843727, guid: 1adbf80d03b126df684c37a978ac478f,
        type: 3}
      propertyPath: m_LocalRotation.z
      value: -0
      objectReference: {fileID: 0}
    - target: {fileID: 1993619831775859637, guid: 1adbf80d03b126df684c37a978ac478f,
        type: 3}
      propertyPath: m_Name
      value: Turbine Avessac 3
      objectReference: {fileID: 0}
    m_RemovedComponents: []
  m_SourcePrefab: {fileID: 100100000, guid: 1adbf80d03b126df684c37a978ac478f, type: 3}
--- !u!4 &1467390246 stripped
Transform:
  m_CorrespondingSourceObject: {fileID: 1216273166525843727, guid: 1adbf80d03b126df684c37a978ac478f,
    type: 3}
  m_PrefabInstance: {fileID: 1467390245}
  m_PrefabAsset: {fileID: 0}
--- !u!1 &1467390247 stripped
GameObject:
  m_CorrespondingSourceObject: {fileID: 1993619831775859637, guid: 1adbf80d03b126df684c37a978ac478f,
    type: 3}
  m_PrefabInstance: {fileID: 1467390245}
  m_PrefabAsset: {fileID: 0}
--- !u!114 &1467390248
MonoBehaviour:
  m_ObjectHideFlags: 0
  m_CorrespondingSourceObject: {fileID: 0}
  m_PrefabInstance: {fileID: 0}
  m_PrefabAsset: {fileID: 0}
  m_GameObject: {fileID: 1467390247}
  m_Enabled: 1
  m_EditorHideFlags: 0
  m_Script: {fileID: 11500000, guid: 09c09d429686a28b19670a0225c729ac, type: 3}
  m_Name: 
  m_EditorClassIdentifier: 
  height: 93
  diameter: 4.5
  rotorDiameter: 114
--- !u!114 &1467390249
MonoBehaviour:
  m_ObjectHideFlags: 0
  m_CorrespondingSourceObject: {fileID: 0}
  m_PrefabInstance: {fileID: 0}
  m_PrefabAsset: {fileID: 0}
  m_GameObject: {fileID: 1467390247}
  m_Enabled: 1
  m_EditorHideFlags: 0
  m_Script: {fileID: 11500000, guid: c927fb30beda51f8d9beff25e6e7e57c, type: 3}
  m_Name: 
  m_EditorClassIdentifier: 
  latitude: 47.6127313950828
  longitude: -2.00631365841622
  altitude: 0
--- !u!1001 &1505002370
PrefabInstance:
  m_ObjectHideFlags: 0
  serializedVersion: 2
  m_Modification:
    m_TransformParent: {fileID: 1184632088}
    m_Modifications:
    - target: {fileID: 1216273166525843727, guid: 1adbf80d03b126df684c37a978ac478f,
        type: 3}
      propertyPath: m_RootOrder
      value: 2
      objectReference: {fileID: 0}
    - target: {fileID: 1216273166525843727, guid: 1adbf80d03b126df684c37a978ac478f,
        type: 3}
      propertyPath: m_LocalPosition.x
      value: -54.1
      objectReference: {fileID: 0}
    - target: {fileID: 1216273166525843727, guid: 1adbf80d03b126df684c37a978ac478f,
        type: 3}
      propertyPath: m_LocalPosition.y
      value: 9.7773285
      objectReference: {fileID: 0}
    - target: {fileID: 1216273166525843727, guid: 1adbf80d03b126df684c37a978ac478f,
        type: 3}
      propertyPath: m_LocalPosition.z
      value: -59.9
      objectReference: {fileID: 0}
    - target: {fileID: 1216273166525843727, guid: 1adbf80d03b126df684c37a978ac478f,
        type: 3}
      propertyPath: m_LocalRotation.x
      value: -0
      objectReference: {fileID: 0}
    - target: {fileID: 1216273166525843727, guid: 1adbf80d03b126df684c37a978ac478f,
        type: 3}
      propertyPath: m_LocalRotation.y
      value: -0
      objectReference: {fileID: 0}
    - target: {fileID: 1216273166525843727, guid: 1adbf80d03b126df684c37a978ac478f,
        type: 3}
      propertyPath: m_LocalRotation.z
      value: -0
      objectReference: {fileID: 0}
    - target: {fileID: 1993619831775859637, guid: 1adbf80d03b126df684c37a978ac478f,
        type: 3}
      propertyPath: m_Name
      value: Turbine Avessac 2
      objectReference: {fileID: 0}
    m_RemovedComponents: []
  m_SourcePrefab: {fileID: 100100000, guid: 1adbf80d03b126df684c37a978ac478f, type: 3}
--- !u!4 &1505002371 stripped
Transform:
  m_CorrespondingSourceObject: {fileID: 1216273166525843727, guid: 1adbf80d03b126df684c37a978ac478f,
    type: 3}
  m_PrefabInstance: {fileID: 1505002370}
  m_PrefabAsset: {fileID: 0}
--- !u!1 &1505002372 stripped
GameObject:
  m_CorrespondingSourceObject: {fileID: 1993619831775859637, guid: 1adbf80d03b126df684c37a978ac478f,
    type: 3}
  m_PrefabInstance: {fileID: 1505002370}
  m_PrefabAsset: {fileID: 0}
--- !u!114 &1505002373
MonoBehaviour:
  m_ObjectHideFlags: 0
  m_CorrespondingSourceObject: {fileID: 0}
  m_PrefabInstance: {fileID: 0}
  m_PrefabAsset: {fileID: 0}
  m_GameObject: {fileID: 1505002372}
  m_Enabled: 1
  m_EditorHideFlags: 0
  m_Script: {fileID: 11500000, guid: 09c09d429686a28b19670a0225c729ac, type: 3}
  m_Name: 
  m_EditorClassIdentifier: 
  height: 93
  diameter: 4.5
  rotorDiameter: 114
--- !u!114 &1505002374
MonoBehaviour:
  m_ObjectHideFlags: 0
  m_CorrespondingSourceObject: {fileID: 0}
  m_PrefabInstance: {fileID: 0}
  m_PrefabAsset: {fileID: 0}
  m_GameObject: {fileID: 1505002372}
  m_Enabled: 1
  m_EditorHideFlags: 0
  m_Script: {fileID: 11500000, guid: c927fb30beda51f8d9beff25e6e7e57c, type: 3}
  m_Name: 
  m_EditorClassIdentifier: 
  latitude: 47.6167401701671
  longitude: -2.01377310537785
  altitude: 0
--- !u!108 &1553865031 stripped
Light:
  m_CorrespondingSourceObject: {fileID: 2101153331895793869, guid: 74ab7fe495e2792efa5d69cf49fa9721,
    type: 3}
  m_PrefabInstance: {fileID: 2101153333046206858}
  m_PrefabAsset: {fileID: 0}
--- !u!1001 &1891169800
PrefabInstance:
  m_ObjectHideFlags: 0
  serializedVersion: 2
  m_Modification:
    m_TransformParent: {fileID: 0}
    m_Modifications:
    - target: {fileID: 7041863982562490900, guid: 689f32f2542cdc98f8656b2f614e49f5,
        type: 3}
      propertyPath: m_Name
      value: ScenariosManager
      objectReference: {fileID: 0}
    - target: {fileID: 7202143034615366514, guid: 689f32f2542cdc98f8656b2f614e49f5,
        type: 3}
      propertyPath: m_RootOrder
      value: 6
      objectReference: {fileID: 0}
    - target: {fileID: 7202143034615366514, guid: 689f32f2542cdc98f8656b2f614e49f5,
        type: 3}
      propertyPath: m_LocalEulerAnglesHint.x
      value: 0
      objectReference: {fileID: 0}
    - target: {fileID: 7202143034615366514, guid: 689f32f2542cdc98f8656b2f614e49f5,
        type: 3}
      propertyPath: m_LocalEulerAnglesHint.y
      value: 0
      objectReference: {fileID: 0}
    - target: {fileID: 7202143034615366514, guid: 689f32f2542cdc98f8656b2f614e49f5,
        type: 3}
      propertyPath: m_LocalEulerAnglesHint.z
      value: 0
      objectReference: {fileID: 0}
    m_RemovedComponents: []
  m_SourcePrefab: {fileID: 100100000, guid: 689f32f2542cdc98f8656b2f614e49f5, type: 3}
--- !u!114 &1891169801 stripped
MonoBehaviour:
  m_CorrespondingSourceObject: {fileID: 4870529824069425901, guid: 689f32f2542cdc98f8656b2f614e49f5,
    type: 3}
  m_PrefabInstance: {fileID: 1891169800}
  m_PrefabAsset: {fileID: 0}
  m_GameObject: {fileID: 0}
  m_Enabled: 1
  m_EditorHideFlags: 0
  m_Script: {fileID: 11500000, guid: 78a91601f21c33587a892663b3d8d8ab, type: 3}
  m_Name: 
  m_EditorClassIdentifier: 
--- !u!1001 &1997987141
PrefabInstance:
  m_ObjectHideFlags: 0
  serializedVersion: 2
  m_Modification:
    m_TransformParent: {fileID: 0}
    m_Modifications:
    - target: {fileID: 2593179476982010, guid: 53843d6faef61ea48ae2627620a40a8e, type: 3}
      propertyPath: m_AnchorMax.y
      value: 0
      objectReference: {fileID: 0}
    - target: {fileID: 2593179476982010, guid: 53843d6faef61ea48ae2627620a40a8e, type: 3}
      propertyPath: m_AnchorMin.y
      value: 0
      objectReference: {fileID: 0}
    - target: {fileID: 2593179476982010, guid: 53843d6faef61ea48ae2627620a40a8e, type: 3}
      propertyPath: m_AnchoredPosition.x
      value: 0
      objectReference: {fileID: 0}
    - target: {fileID: 2593179476982010, guid: 53843d6faef61ea48ae2627620a40a8e, type: 3}
      propertyPath: m_AnchoredPosition.y
      value: 0
      objectReference: {fileID: 0}
    - target: {fileID: 56890104966152281, guid: 53843d6faef61ea48ae2627620a40a8e,
        type: 3}
      propertyPath: m_AnchorMax.y
      value: 0
      objectReference: {fileID: 0}
    - target: {fileID: 56890104966152281, guid: 53843d6faef61ea48ae2627620a40a8e,
        type: 3}
      propertyPath: m_AnchorMin.y
      value: 0
      objectReference: {fileID: 0}
    - target: {fileID: 56890104966152281, guid: 53843d6faef61ea48ae2627620a40a8e,
        type: 3}
      propertyPath: m_SizeDelta.x
      value: 0
      objectReference: {fileID: 0}
    - target: {fileID: 56890104966152281, guid: 53843d6faef61ea48ae2627620a40a8e,
        type: 3}
      propertyPath: m_SizeDelta.y
      value: 0
      objectReference: {fileID: 0}
    - target: {fileID: 56890104966152281, guid: 53843d6faef61ea48ae2627620a40a8e,
        type: 3}
      propertyPath: m_AnchoredPosition.x
      value: 0
      objectReference: {fileID: 0}
    - target: {fileID: 56890104966152281, guid: 53843d6faef61ea48ae2627620a40a8e,
        type: 3}
      propertyPath: m_AnchoredPosition.y
      value: 0
      objectReference: {fileID: 0}
    - target: {fileID: 77830653440553907, guid: 53843d6faef61ea48ae2627620a40a8e,
        type: 3}
      propertyPath: m_AnchorMax.y
      value: 0
      objectReference: {fileID: 0}
    - target: {fileID: 77830653440553907, guid: 53843d6faef61ea48ae2627620a40a8e,
        type: 3}
      propertyPath: m_AnchorMin.y
      value: 0
      objectReference: {fileID: 0}
    - target: {fileID: 77830653440553907, guid: 53843d6faef61ea48ae2627620a40a8e,
        type: 3}
      propertyPath: m_AnchoredPosition.x
      value: 0
      objectReference: {fileID: 0}
    - target: {fileID: 77830653440553907, guid: 53843d6faef61ea48ae2627620a40a8e,
        type: 3}
      propertyPath: m_AnchoredPosition.y
      value: 0
      objectReference: {fileID: 0}
    - target: {fileID: 642733502142321098, guid: 53843d6faef61ea48ae2627620a40a8e,
        type: 3}
      propertyPath: m_AnchorMax.y
      value: 0
      objectReference: {fileID: 0}
    - target: {fileID: 642733502142321098, guid: 53843d6faef61ea48ae2627620a40a8e,
        type: 3}
      propertyPath: m_AnchorMin.y
      value: 0
      objectReference: {fileID: 0}
    - target: {fileID: 642733502142321098, guid: 53843d6faef61ea48ae2627620a40a8e,
        type: 3}
      propertyPath: m_AnchoredPosition.x
      value: 0
      objectReference: {fileID: 0}
    - target: {fileID: 642733502142321098, guid: 53843d6faef61ea48ae2627620a40a8e,
        type: 3}
      propertyPath: m_AnchoredPosition.y
      value: 0
      objectReference: {fileID: 0}
    - target: {fileID: 880595213186012294, guid: 53843d6faef61ea48ae2627620a40a8e,
        type: 3}
      propertyPath: m_AnchorMax.y
      value: 0
      objectReference: {fileID: 0}
    - target: {fileID: 880595213186012294, guid: 53843d6faef61ea48ae2627620a40a8e,
        type: 3}
      propertyPath: m_AnchorMin.y
      value: 0
      objectReference: {fileID: 0}
    - target: {fileID: 880595213186012294, guid: 53843d6faef61ea48ae2627620a40a8e,
        type: 3}
      propertyPath: m_SizeDelta.x
      value: 0
      objectReference: {fileID: 0}
    - target: {fileID: 880595213186012294, guid: 53843d6faef61ea48ae2627620a40a8e,
        type: 3}
      propertyPath: m_SizeDelta.y
      value: 0
      objectReference: {fileID: 0}
    - target: {fileID: 880595213186012294, guid: 53843d6faef61ea48ae2627620a40a8e,
        type: 3}
      propertyPath: m_AnchoredPosition.x
      value: 0
      objectReference: {fileID: 0}
    - target: {fileID: 880595213186012294, guid: 53843d6faef61ea48ae2627620a40a8e,
        type: 3}
      propertyPath: m_AnchoredPosition.y
      value: 0
      objectReference: {fileID: 0}
    - target: {fileID: 964709075021934333, guid: 53843d6faef61ea48ae2627620a40a8e,
        type: 3}
      propertyPath: m_AnchorMax.y
      value: 0
      objectReference: {fileID: 0}
    - target: {fileID: 964709075021934333, guid: 53843d6faef61ea48ae2627620a40a8e,
        type: 3}
      propertyPath: m_AnchorMin.y
      value: 0
      objectReference: {fileID: 0}
    - target: {fileID: 964709075021934333, guid: 53843d6faef61ea48ae2627620a40a8e,
        type: 3}
      propertyPath: m_SizeDelta.x
      value: 0
      objectReference: {fileID: 0}
    - target: {fileID: 964709075021934333, guid: 53843d6faef61ea48ae2627620a40a8e,
        type: 3}
      propertyPath: m_SizeDelta.y
      value: 0
      objectReference: {fileID: 0}
    - target: {fileID: 964709075021934333, guid: 53843d6faef61ea48ae2627620a40a8e,
        type: 3}
      propertyPath: m_AnchoredPosition.x
      value: 0
      objectReference: {fileID: 0}
    - target: {fileID: 964709075021934333, guid: 53843d6faef61ea48ae2627620a40a8e,
        type: 3}
      propertyPath: m_AnchoredPosition.y
      value: 0
      objectReference: {fileID: 0}
    - target: {fileID: 1947521532818986254, guid: 53843d6faef61ea48ae2627620a40a8e,
        type: 3}
      propertyPath: m_AnchoredPosition.y
      value: 0.000030517578
      objectReference: {fileID: 0}
    - target: {fileID: 1979282481542431109, guid: 53843d6faef61ea48ae2627620a40a8e,
        type: 3}
      propertyPath: m_AnchorMax.x
      value: 0
      objectReference: {fileID: 0}
    - target: {fileID: 1979282481542431109, guid: 53843d6faef61ea48ae2627620a40a8e,
        type: 3}
      propertyPath: m_AnchorMax.y
      value: 0
      objectReference: {fileID: 0}
    - target: {fileID: 1979282481542431109, guid: 53843d6faef61ea48ae2627620a40a8e,
        type: 3}
      propertyPath: m_AnchorMin.x
      value: 0
      objectReference: {fileID: 0}
    - target: {fileID: 1979282482271964638, guid: 53843d6faef61ea48ae2627620a40a8e,
        type: 3}
      propertyPath: m_AnchorMax.x
      value: 0
      objectReference: {fileID: 0}
    - target: {fileID: 1979282482271964638, guid: 53843d6faef61ea48ae2627620a40a8e,
        type: 3}
      propertyPath: m_AnchorMax.y
      value: 0
      objectReference: {fileID: 0}
    - target: {fileID: 1979282482402634199, guid: 53843d6faef61ea48ae2627620a40a8e,
        type: 3}
      propertyPath: m_AnchorMax.y
      value: 0
      objectReference: {fileID: 0}
    - target: {fileID: 1979282482402634199, guid: 53843d6faef61ea48ae2627620a40a8e,
        type: 3}
      propertyPath: m_AnchorMin.y
      value: 0
      objectReference: {fileID: 0}
    - target: {fileID: 1979282482402634199, guid: 53843d6faef61ea48ae2627620a40a8e,
        type: 3}
      propertyPath: m_SizeDelta.x
      value: 0
      objectReference: {fileID: 0}
    - target: {fileID: 1979282482402634199, guid: 53843d6faef61ea48ae2627620a40a8e,
        type: 3}
      propertyPath: m_SizeDelta.y
      value: 0
      objectReference: {fileID: 0}
    - target: {fileID: 1979282482402634199, guid: 53843d6faef61ea48ae2627620a40a8e,
        type: 3}
      propertyPath: m_AnchoredPosition.x
      value: 0
      objectReference: {fileID: 0}
    - target: {fileID: 1979282482402634199, guid: 53843d6faef61ea48ae2627620a40a8e,
        type: 3}
      propertyPath: m_AnchoredPosition.y
      value: 0
      objectReference: {fileID: 0}
    - target: {fileID: 2206411069356689127, guid: 53843d6faef61ea48ae2627620a40a8e,
        type: 3}
      propertyPath: m_AnchorMax.x
      value: 0
      objectReference: {fileID: 0}
    - target: {fileID: 2206411069356689127, guid: 53843d6faef61ea48ae2627620a40a8e,
        type: 3}
      propertyPath: m_AnchorMax.y
      value: 0
      objectReference: {fileID: 0}
    - target: {fileID: 2206411069356689127, guid: 53843d6faef61ea48ae2627620a40a8e,
        type: 3}
      propertyPath: m_AnchorMin.y
      value: 0
      objectReference: {fileID: 0}
    - target: {fileID: 2925371986597600752, guid: 53843d6faef61ea48ae2627620a40a8e,
        type: 3}
      propertyPath: m_AnchorMax.y
      value: 0
      objectReference: {fileID: 0}
    - target: {fileID: 2925371986597600752, guid: 53843d6faef61ea48ae2627620a40a8e,
        type: 3}
      propertyPath: m_AnchorMin.y
      value: 0
      objectReference: {fileID: 0}
    - target: {fileID: 2925371986597600752, guid: 53843d6faef61ea48ae2627620a40a8e,
        type: 3}
      propertyPath: m_AnchoredPosition.x
      value: 0
      objectReference: {fileID: 0}
    - target: {fileID: 2925371986597600752, guid: 53843d6faef61ea48ae2627620a40a8e,
        type: 3}
      propertyPath: m_AnchoredPosition.y
      value: 0
      objectReference: {fileID: 0}
    - target: {fileID: 3012001817734466998, guid: 53843d6faef61ea48ae2627620a40a8e,
        type: 3}
      propertyPath: m_AnchorMax.y
      value: 0
      objectReference: {fileID: 0}
    - target: {fileID: 3012001817734466998, guid: 53843d6faef61ea48ae2627620a40a8e,
        type: 3}
      propertyPath: m_AnchorMin.y
      value: 0
      objectReference: {fileID: 0}
    - target: {fileID: 3012001817734466998, guid: 53843d6faef61ea48ae2627620a40a8e,
        type: 3}
      propertyPath: m_SizeDelta.x
      value: 0
      objectReference: {fileID: 0}
    - target: {fileID: 3012001817734466998, guid: 53843d6faef61ea48ae2627620a40a8e,
        type: 3}
      propertyPath: m_SizeDelta.y
      value: 0
      objectReference: {fileID: 0}
    - target: {fileID: 3012001817734466998, guid: 53843d6faef61ea48ae2627620a40a8e,
        type: 3}
      propertyPath: m_AnchoredPosition.x
      value: 0
      objectReference: {fileID: 0}
    - target: {fileID: 3012001817734466998, guid: 53843d6faef61ea48ae2627620a40a8e,
        type: 3}
      propertyPath: m_AnchoredPosition.y
      value: 0
      objectReference: {fileID: 0}
    - target: {fileID: 3517427289055823470, guid: 53843d6faef61ea48ae2627620a40a8e,
        type: 3}
      propertyPath: m_AnchorMax.y
      value: 0
      objectReference: {fileID: 0}
    - target: {fileID: 3517427289215519285, guid: 53843d6faef61ea48ae2627620a40a8e,
        type: 3}
      propertyPath: m_AnchorMax.y
      value: 0
      objectReference: {fileID: 0}
    - target: {fileID: 3517427289347239484, guid: 53843d6faef61ea48ae2627620a40a8e,
        type: 3}
      propertyPath: m_AnchorMax.y
      value: 0
      objectReference: {fileID: 0}
    - target: {fileID: 3517427289347239484, guid: 53843d6faef61ea48ae2627620a40a8e,
        type: 3}
      propertyPath: m_AnchorMin.y
      value: 0
      objectReference: {fileID: 0}
    - target: {fileID: 3517427289347239484, guid: 53843d6faef61ea48ae2627620a40a8e,
        type: 3}
      propertyPath: m_SizeDelta.x
      value: 0
      objectReference: {fileID: 0}
    - target: {fileID: 3517427289347239484, guid: 53843d6faef61ea48ae2627620a40a8e,
        type: 3}
      propertyPath: m_SizeDelta.y
      value: 0
      objectReference: {fileID: 0}
    - target: {fileID: 3517427289347239484, guid: 53843d6faef61ea48ae2627620a40a8e,
        type: 3}
      propertyPath: m_AnchoredPosition.x
      value: 0
      objectReference: {fileID: 0}
    - target: {fileID: 3517427289347239484, guid: 53843d6faef61ea48ae2627620a40a8e,
        type: 3}
      propertyPath: m_AnchoredPosition.y
      value: 0
      objectReference: {fileID: 0}
    - target: {fileID: 4439938809476373015, guid: 53843d6faef61ea48ae2627620a40a8e,
        type: 3}
      propertyPath: m_AnchorMax.y
      value: 0
      objectReference: {fileID: 0}
    - target: {fileID: 4439938809476373015, guid: 53843d6faef61ea48ae2627620a40a8e,
        type: 3}
      propertyPath: m_AnchorMin.y
      value: 0
      objectReference: {fileID: 0}
    - target: {fileID: 4439938809476373015, guid: 53843d6faef61ea48ae2627620a40a8e,
        type: 3}
      propertyPath: m_SizeDelta.x
      value: 0
      objectReference: {fileID: 0}
    - target: {fileID: 4439938809476373015, guid: 53843d6faef61ea48ae2627620a40a8e,
        type: 3}
      propertyPath: m_SizeDelta.y
      value: 0
      objectReference: {fileID: 0}
    - target: {fileID: 4439938809476373015, guid: 53843d6faef61ea48ae2627620a40a8e,
        type: 3}
      propertyPath: m_AnchoredPosition.x
      value: 0
      objectReference: {fileID: 0}
    - target: {fileID: 4439938809476373015, guid: 53843d6faef61ea48ae2627620a40a8e,
        type: 3}
      propertyPath: m_AnchoredPosition.y
      value: 0
      objectReference: {fileID: 0}
    - target: {fileID: 4584223169010947025, guid: 53843d6faef61ea48ae2627620a40a8e,
        type: 3}
      propertyPath: m_AnchorMax.y
      value: 0
      objectReference: {fileID: 0}
    - target: {fileID: 4584223169010947025, guid: 53843d6faef61ea48ae2627620a40a8e,
        type: 3}
      propertyPath: m_AnchorMin.y
      value: 0
      objectReference: {fileID: 0}
    - target: {fileID: 4584223169010947025, guid: 53843d6faef61ea48ae2627620a40a8e,
        type: 3}
      propertyPath: m_AnchoredPosition.x
      value: 0
      objectReference: {fileID: 0}
    - target: {fileID: 4584223169010947025, guid: 53843d6faef61ea48ae2627620a40a8e,
        type: 3}
      propertyPath: m_AnchoredPosition.y
      value: 0
      objectReference: {fileID: 0}
    - target: {fileID: 5557510338866852697, guid: 53843d6faef61ea48ae2627620a40a8e,
        type: 3}
      propertyPath: m_AnchorMax.y
      value: 0
      objectReference: {fileID: 0}
    - target: {fileID: 5557510338866852697, guid: 53843d6faef61ea48ae2627620a40a8e,
        type: 3}
      propertyPath: m_AnchorMin.y
      value: 0
      objectReference: {fileID: 0}
    - target: {fileID: 5557510338866852697, guid: 53843d6faef61ea48ae2627620a40a8e,
        type: 3}
      propertyPath: m_AnchoredPosition.x
      value: 0
      objectReference: {fileID: 0}
    - target: {fileID: 5557510338866852697, guid: 53843d6faef61ea48ae2627620a40a8e,
        type: 3}
      propertyPath: m_AnchoredPosition.y
      value: 0
      objectReference: {fileID: 0}
    - target: {fileID: 5639287425695844379, guid: 53843d6faef61ea48ae2627620a40a8e,
        type: 3}
      propertyPath: m_AnchorMax.x
      value: 1
      objectReference: {fileID: 0}
    - target: {fileID: 5639287425695844379, guid: 53843d6faef61ea48ae2627620a40a8e,
        type: 3}
      propertyPath: m_AnchorMax.y
      value: 1
      objectReference: {fileID: 0}
    - target: {fileID: 5639287427364868077, guid: 53843d6faef61ea48ae2627620a40a8e,
        type: 3}
      propertyPath: m_IsActive
      value: 0
      objectReference: {fileID: 0}
    - target: {fileID: 5850707837804722812, guid: 53843d6faef61ea48ae2627620a40a8e,
        type: 3}
      propertyPath: m_AnchorMax.y
      value: 0
      objectReference: {fileID: 0}
    - target: {fileID: 5850707837804722812, guid: 53843d6faef61ea48ae2627620a40a8e,
        type: 3}
      propertyPath: m_AnchorMin.y
      value: 0
      objectReference: {fileID: 0}
    - target: {fileID: 5850707837804722812, guid: 53843d6faef61ea48ae2627620a40a8e,
        type: 3}
      propertyPath: m_SizeDelta.x
      value: 0
      objectReference: {fileID: 0}
    - target: {fileID: 5850707837804722812, guid: 53843d6faef61ea48ae2627620a40a8e,
        type: 3}
      propertyPath: m_SizeDelta.y
      value: 0
      objectReference: {fileID: 0}
    - target: {fileID: 5850707837804722812, guid: 53843d6faef61ea48ae2627620a40a8e,
        type: 3}
      propertyPath: m_AnchoredPosition.x
      value: 0
      objectReference: {fileID: 0}
    - target: {fileID: 5850707837804722812, guid: 53843d6faef61ea48ae2627620a40a8e,
        type: 3}
      propertyPath: m_AnchoredPosition.y
      value: 0
      objectReference: {fileID: 0}
    - target: {fileID: 6033104882118134714, guid: 53843d6faef61ea48ae2627620a40a8e,
        type: 3}
      propertyPath: m_AnchorMax.y
      value: 0
      objectReference: {fileID: 0}
    - target: {fileID: 6033104882118134714, guid: 53843d6faef61ea48ae2627620a40a8e,
        type: 3}
      propertyPath: m_AnchorMin.y
      value: 0
      objectReference: {fileID: 0}
    - target: {fileID: 6033104882118134714, guid: 53843d6faef61ea48ae2627620a40a8e,
        type: 3}
      propertyPath: m_AnchoredPosition.x
      value: 0
      objectReference: {fileID: 0}
    - target: {fileID: 6033104882118134714, guid: 53843d6faef61ea48ae2627620a40a8e,
        type: 3}
      propertyPath: m_AnchoredPosition.y
      value: 0
      objectReference: {fileID: 0}
    - target: {fileID: 6496474109735376947, guid: 53843d6faef61ea48ae2627620a40a8e,
        type: 3}
      propertyPath: m_AnchorMax.y
      value: 0
      objectReference: {fileID: 0}
    - target: {fileID: 6496474109735376947, guid: 53843d6faef61ea48ae2627620a40a8e,
        type: 3}
      propertyPath: m_AnchorMin.y
      value: 0
      objectReference: {fileID: 0}
    - target: {fileID: 6496474109735376947, guid: 53843d6faef61ea48ae2627620a40a8e,
        type: 3}
      propertyPath: m_SizeDelta.x
      value: 0
      objectReference: {fileID: 0}
    - target: {fileID: 6496474109735376947, guid: 53843d6faef61ea48ae2627620a40a8e,
        type: 3}
      propertyPath: m_SizeDelta.y
      value: 0
      objectReference: {fileID: 0}
    - target: {fileID: 6496474109735376947, guid: 53843d6faef61ea48ae2627620a40a8e,
        type: 3}
      propertyPath: m_AnchoredPosition.x
      value: 0
      objectReference: {fileID: 0}
    - target: {fileID: 6496474109735376947, guid: 53843d6faef61ea48ae2627620a40a8e,
        type: 3}
      propertyPath: m_AnchoredPosition.y
      value: 0
      objectReference: {fileID: 0}
    - target: {fileID: 6517441020680530275, guid: 53843d6faef61ea48ae2627620a40a8e,
        type: 3}
      propertyPath: m_AnchorMax.x
      value: 0
      objectReference: {fileID: 0}
    - target: {fileID: 6517441020680530275, guid: 53843d6faef61ea48ae2627620a40a8e,
        type: 3}
      propertyPath: m_AnchorMax.y
      value: 0
      objectReference: {fileID: 0}
    - target: {fileID: 6731243735608643827, guid: 53843d6faef61ea48ae2627620a40a8e,
        type: 3}
      propertyPath: m_AnchorMax.y
      value: 0
      objectReference: {fileID: 0}
    - target: {fileID: 6731243735608643827, guid: 53843d6faef61ea48ae2627620a40a8e,
        type: 3}
      propertyPath: m_AnchorMin.y
      value: 0
      objectReference: {fileID: 0}
    - target: {fileID: 6731243735608643827, guid: 53843d6faef61ea48ae2627620a40a8e,
        type: 3}
      propertyPath: m_AnchoredPosition.x
      value: 0
      objectReference: {fileID: 0}
    - target: {fileID: 6731243735608643827, guid: 53843d6faef61ea48ae2627620a40a8e,
        type: 3}
      propertyPath: m_AnchoredPosition.y
      value: 0
      objectReference: {fileID: 0}
    - target: {fileID: 7508622239639060751, guid: 53843d6faef61ea48ae2627620a40a8e,
        type: 3}
      propertyPath: m_AnchorMax.x
      value: 0
      objectReference: {fileID: 0}
    - target: {fileID: 7508622239639060751, guid: 53843d6faef61ea48ae2627620a40a8e,
        type: 3}
      propertyPath: m_AnchorMax.y
      value: 0
      objectReference: {fileID: 0}
    - target: {fileID: 7683789445175413191, guid: 53843d6faef61ea48ae2627620a40a8e,
        type: 3}
      propertyPath: m_AnchorMax.x
      value: 0
      objectReference: {fileID: 0}
    - target: {fileID: 7683789445175413191, guid: 53843d6faef61ea48ae2627620a40a8e,
        type: 3}
      propertyPath: m_AnchorMax.y
      value: 0
      objectReference: {fileID: 0}
    - target: {fileID: 7683789445175413191, guid: 53843d6faef61ea48ae2627620a40a8e,
        type: 3}
      propertyPath: m_AnchorMin.y
      value: 0
      objectReference: {fileID: 0}
    - target: {fileID: 7684332064504797953, guid: 53843d6faef61ea48ae2627620a40a8e,
        type: 3}
      propertyPath: m_AnchorMax.y
      value: 0
      objectReference: {fileID: 0}
    - target: {fileID: 7684332064504797953, guid: 53843d6faef61ea48ae2627620a40a8e,
        type: 3}
      propertyPath: m_AnchorMin.y
      value: 0
      objectReference: {fileID: 0}
    - target: {fileID: 7684332064504797953, guid: 53843d6faef61ea48ae2627620a40a8e,
        type: 3}
      propertyPath: m_AnchoredPosition.x
      value: 0
      objectReference: {fileID: 0}
    - target: {fileID: 7684332064504797953, guid: 53843d6faef61ea48ae2627620a40a8e,
        type: 3}
      propertyPath: m_AnchoredPosition.y
      value: 0
      objectReference: {fileID: 0}
    - target: {fileID: 7977483099350101000, guid: 53843d6faef61ea48ae2627620a40a8e,
        type: 3}
      propertyPath: m_AnchorMax.x
      value: 0
      objectReference: {fileID: 0}
    - target: {fileID: 7977483099350101000, guid: 53843d6faef61ea48ae2627620a40a8e,
        type: 3}
      propertyPath: m_AnchorMax.y
      value: 0
      objectReference: {fileID: 0}
    - target: {fileID: 7977483099350101000, guid: 53843d6faef61ea48ae2627620a40a8e,
        type: 3}
      propertyPath: m_AnchorMin.y
      value: 0
      objectReference: {fileID: 0}
    - target: {fileID: 7996625029260119745, guid: 53843d6faef61ea48ae2627620a40a8e,
        type: 3}
      propertyPath: m_AnchorMax.x
      value: 0
      objectReference: {fileID: 0}
    - target: {fileID: 7996625029260119745, guid: 53843d6faef61ea48ae2627620a40a8e,
        type: 3}
      propertyPath: m_AnchorMax.y
      value: 0
      objectReference: {fileID: 0}
    - target: {fileID: 7996625029260119745, guid: 53843d6faef61ea48ae2627620a40a8e,
        type: 3}
      propertyPath: m_AnchorMin.x
      value: 0
      objectReference: {fileID: 0}
    - target: {fileID: 7996625030361556627, guid: 53843d6faef61ea48ae2627620a40a8e,
        type: 3}
      propertyPath: m_AnchorMax.y
      value: 0
      objectReference: {fileID: 0}
    - target: {fileID: 7996625030361556627, guid: 53843d6faef61ea48ae2627620a40a8e,
        type: 3}
      propertyPath: m_AnchorMin.y
      value: 0
      objectReference: {fileID: 0}
    - target: {fileID: 7996625030361556627, guid: 53843d6faef61ea48ae2627620a40a8e,
        type: 3}
      propertyPath: m_SizeDelta.x
      value: 0
      objectReference: {fileID: 0}
    - target: {fileID: 7996625030361556627, guid: 53843d6faef61ea48ae2627620a40a8e,
        type: 3}
      propertyPath: m_SizeDelta.y
      value: 0
      objectReference: {fileID: 0}
    - target: {fileID: 7996625030361556627, guid: 53843d6faef61ea48ae2627620a40a8e,
        type: 3}
      propertyPath: m_AnchoredPosition.x
      value: 0
      objectReference: {fileID: 0}
    - target: {fileID: 7996625030361556627, guid: 53843d6faef61ea48ae2627620a40a8e,
        type: 3}
      propertyPath: m_AnchoredPosition.y
      value: 0
      objectReference: {fileID: 0}
    - target: {fileID: 7996625030493029018, guid: 53843d6faef61ea48ae2627620a40a8e,
        type: 3}
      propertyPath: m_AnchorMax.x
      value: 0
      objectReference: {fileID: 0}
    - target: {fileID: 7996625030493029018, guid: 53843d6faef61ea48ae2627620a40a8e,
        type: 3}
      propertyPath: m_AnchorMax.y
      value: 0
      objectReference: {fileID: 0}
    - target: {fileID: 8003085480339189050, guid: 53843d6faef61ea48ae2627620a40a8e,
        type: 3}
      propertyPath: m_AnchorMax.y
      value: 0
      objectReference: {fileID: 0}
    - target: {fileID: 8003085480339189050, guid: 53843d6faef61ea48ae2627620a40a8e,
        type: 3}
      propertyPath: m_AnchorMin.y
      value: 0
      objectReference: {fileID: 0}
    - target: {fileID: 8003085480339189050, guid: 53843d6faef61ea48ae2627620a40a8e,
        type: 3}
      propertyPath: m_AnchoredPosition.x
      value: 0
      objectReference: {fileID: 0}
    - target: {fileID: 8003085480339189050, guid: 53843d6faef61ea48ae2627620a40a8e,
        type: 3}
      propertyPath: m_AnchoredPosition.y
      value: 0
      objectReference: {fileID: 0}
    - target: {fileID: 8003085480844003477, guid: 53843d6faef61ea48ae2627620a40a8e,
        type: 3}
      propertyPath: m_AnchorMax.y
      value: 0
      objectReference: {fileID: 0}
    - target: {fileID: 8003085480844003477, guid: 53843d6faef61ea48ae2627620a40a8e,
        type: 3}
      propertyPath: m_AnchorMin.y
      value: 0
      objectReference: {fileID: 0}
    - target: {fileID: 8003085480844003477, guid: 53843d6faef61ea48ae2627620a40a8e,
        type: 3}
      propertyPath: m_SizeDelta.x
      value: 0
      objectReference: {fileID: 0}
    - target: {fileID: 8003085480844003477, guid: 53843d6faef61ea48ae2627620a40a8e,
        type: 3}
      propertyPath: m_SizeDelta.y
      value: 0
      objectReference: {fileID: 0}
    - target: {fileID: 8003085480844003477, guid: 53843d6faef61ea48ae2627620a40a8e,
        type: 3}
      propertyPath: m_AnchoredPosition.x
      value: 0
      objectReference: {fileID: 0}
    - target: {fileID: 8003085480844003477, guid: 53843d6faef61ea48ae2627620a40a8e,
        type: 3}
      propertyPath: m_AnchoredPosition.y
      value: 0
      objectReference: {fileID: 0}
    - target: {fileID: 8003085480916850050, guid: 53843d6faef61ea48ae2627620a40a8e,
        type: 3}
      propertyPath: m_AnchorMax.y
      value: 0
      objectReference: {fileID: 0}
    - target: {fileID: 8003085480916850050, guid: 53843d6faef61ea48ae2627620a40a8e,
        type: 3}
      propertyPath: m_AnchorMin.y
      value: 0
      objectReference: {fileID: 0}
    - target: {fileID: 8003085480916850050, guid: 53843d6faef61ea48ae2627620a40a8e,
        type: 3}
      propertyPath: m_SizeDelta.x
      value: 0
      objectReference: {fileID: 0}
    - target: {fileID: 8003085480916850050, guid: 53843d6faef61ea48ae2627620a40a8e,
        type: 3}
      propertyPath: m_SizeDelta.y
      value: 0
      objectReference: {fileID: 0}
    - target: {fileID: 8003085480916850050, guid: 53843d6faef61ea48ae2627620a40a8e,
        type: 3}
      propertyPath: m_AnchoredPosition.x
      value: 0
      objectReference: {fileID: 0}
    - target: {fileID: 8003085480916850050, guid: 53843d6faef61ea48ae2627620a40a8e,
        type: 3}
      propertyPath: m_AnchoredPosition.y
      value: 0
      objectReference: {fileID: 0}
    - target: {fileID: 8003085480948698090, guid: 53843d6faef61ea48ae2627620a40a8e,
        type: 3}
      propertyPath: m_AnchorMax.x
      value: 0
      objectReference: {fileID: 0}
    - target: {fileID: 8003085480948698090, guid: 53843d6faef61ea48ae2627620a40a8e,
        type: 3}
      propertyPath: m_AnchorMax.y
      value: 0
      objectReference: {fileID: 0}
    - target: {fileID: 8003085480948698090, guid: 53843d6faef61ea48ae2627620a40a8e,
        type: 3}
      propertyPath: m_AnchorMin.x
      value: 0
      objectReference: {fileID: 0}
    - target: {fileID: 8003085480976851896, guid: 53843d6faef61ea48ae2627620a40a8e,
        type: 3}
      propertyPath: m_AnchorMax.y
      value: 0
      objectReference: {fileID: 0}
    - target: {fileID: 8003085480976851896, guid: 53843d6faef61ea48ae2627620a40a8e,
        type: 3}
      propertyPath: m_AnchorMin.y
      value: 0
      objectReference: {fileID: 0}
    - target: {fileID: 8003085480976851896, guid: 53843d6faef61ea48ae2627620a40a8e,
        type: 3}
      propertyPath: m_SizeDelta.x
      value: 0
      objectReference: {fileID: 0}
    - target: {fileID: 8003085480976851896, guid: 53843d6faef61ea48ae2627620a40a8e,
        type: 3}
      propertyPath: m_SizeDelta.y
      value: 0
      objectReference: {fileID: 0}
    - target: {fileID: 8003085480976851896, guid: 53843d6faef61ea48ae2627620a40a8e,
        type: 3}
      propertyPath: m_AnchoredPosition.x
      value: 0
      objectReference: {fileID: 0}
    - target: {fileID: 8003085480976851896, guid: 53843d6faef61ea48ae2627620a40a8e,
        type: 3}
      propertyPath: m_AnchoredPosition.y
      value: 0
      objectReference: {fileID: 0}
    - target: {fileID: 8003085481108326321, guid: 53843d6faef61ea48ae2627620a40a8e,
        type: 3}
      propertyPath: m_AnchorMax.x
      value: 0
      objectReference: {fileID: 0}
    - target: {fileID: 8003085481108326321, guid: 53843d6faef61ea48ae2627620a40a8e,
        type: 3}
      propertyPath: m_AnchorMax.y
      value: 0
      objectReference: {fileID: 0}
    - target: {fileID: 8003085481559275060, guid: 53843d6faef61ea48ae2627620a40a8e,
        type: 3}
      propertyPath: m_AnchorMax.y
      value: 0
      objectReference: {fileID: 0}
    - target: {fileID: 8003085481559275060, guid: 53843d6faef61ea48ae2627620a40a8e,
        type: 3}
      propertyPath: m_AnchorMin.y
      value: 0
      objectReference: {fileID: 0}
    - target: {fileID: 8003085481559275060, guid: 53843d6faef61ea48ae2627620a40a8e,
        type: 3}
      propertyPath: m_AnchoredPosition.x
      value: 0
      objectReference: {fileID: 0}
    - target: {fileID: 8003085481559275060, guid: 53843d6faef61ea48ae2627620a40a8e,
        type: 3}
      propertyPath: m_AnchoredPosition.y
      value: 0
      objectReference: {fileID: 0}
    - target: {fileID: 8003085481717455505, guid: 53843d6faef61ea48ae2627620a40a8e,
        type: 3}
      propertyPath: m_AnchorMax.y
      value: 0
      objectReference: {fileID: 0}
    - target: {fileID: 8003085481717455505, guid: 53843d6faef61ea48ae2627620a40a8e,
        type: 3}
      propertyPath: m_AnchorMin.y
      value: 0
      objectReference: {fileID: 0}
    - target: {fileID: 8003085481717455505, guid: 53843d6faef61ea48ae2627620a40a8e,
        type: 3}
      propertyPath: m_AnchoredPosition.x
      value: 0
      objectReference: {fileID: 0}
    - target: {fileID: 8003085481717455505, guid: 53843d6faef61ea48ae2627620a40a8e,
        type: 3}
      propertyPath: m_AnchoredPosition.y
      value: 0
      objectReference: {fileID: 0}
    - target: {fileID: 8003085481990466094, guid: 53843d6faef61ea48ae2627620a40a8e,
        type: 3}
      propertyPath: m_Name
      value: Canvas
      objectReference: {fileID: 0}
    - target: {fileID: 8003085481990466098, guid: 53843d6faef61ea48ae2627620a40a8e,
        type: 3}
      propertyPath: m_Pivot.x
      value: 0
      objectReference: {fileID: 0}
    - target: {fileID: 8003085481990466098, guid: 53843d6faef61ea48ae2627620a40a8e,
        type: 3}
      propertyPath: m_Pivot.y
      value: 0
      objectReference: {fileID: 0}
    - target: {fileID: 8003085481990466098, guid: 53843d6faef61ea48ae2627620a40a8e,
        type: 3}
      propertyPath: m_RootOrder
      value: 1
      objectReference: {fileID: 0}
    - target: {fileID: 8003085481990466098, guid: 53843d6faef61ea48ae2627620a40a8e,
        type: 3}
      propertyPath: m_AnchorMax.x
      value: 0
      objectReference: {fileID: 0}
    - target: {fileID: 8003085481990466098, guid: 53843d6faef61ea48ae2627620a40a8e,
        type: 3}
      propertyPath: m_AnchorMax.y
      value: 0
      objectReference: {fileID: 0}
    - target: {fileID: 8003085481990466098, guid: 53843d6faef61ea48ae2627620a40a8e,
        type: 3}
      propertyPath: m_AnchorMin.x
      value: 0
      objectReference: {fileID: 0}
    - target: {fileID: 8003085481990466098, guid: 53843d6faef61ea48ae2627620a40a8e,
        type: 3}
      propertyPath: m_AnchorMin.y
      value: 0
      objectReference: {fileID: 0}
    - target: {fileID: 8003085481990466098, guid: 53843d6faef61ea48ae2627620a40a8e,
        type: 3}
      propertyPath: m_SizeDelta.x
      value: 0
      objectReference: {fileID: 0}
    - target: {fileID: 8003085481990466098, guid: 53843d6faef61ea48ae2627620a40a8e,
        type: 3}
      propertyPath: m_SizeDelta.y
      value: 0
      objectReference: {fileID: 0}
    - target: {fileID: 8003085481990466098, guid: 53843d6faef61ea48ae2627620a40a8e,
        type: 3}
      propertyPath: m_LocalPosition.x
      value: 0
      objectReference: {fileID: 0}
    - target: {fileID: 8003085481990466098, guid: 53843d6faef61ea48ae2627620a40a8e,
        type: 3}
      propertyPath: m_LocalPosition.y
      value: 0
      objectReference: {fileID: 0}
    - target: {fileID: 8003085481990466098, guid: 53843d6faef61ea48ae2627620a40a8e,
        type: 3}
      propertyPath: m_LocalPosition.z
      value: 0
      objectReference: {fileID: 0}
    - target: {fileID: 8003085481990466098, guid: 53843d6faef61ea48ae2627620a40a8e,
        type: 3}
      propertyPath: m_LocalRotation.w
      value: 1
      objectReference: {fileID: 0}
    - target: {fileID: 8003085481990466098, guid: 53843d6faef61ea48ae2627620a40a8e,
        type: 3}
      propertyPath: m_LocalRotation.x
      value: 0
      objectReference: {fileID: 0}
    - target: {fileID: 8003085481990466098, guid: 53843d6faef61ea48ae2627620a40a8e,
        type: 3}
      propertyPath: m_LocalRotation.y
      value: 0
      objectReference: {fileID: 0}
    - target: {fileID: 8003085481990466098, guid: 53843d6faef61ea48ae2627620a40a8e,
        type: 3}
      propertyPath: m_LocalRotation.z
      value: 0
      objectReference: {fileID: 0}
    - target: {fileID: 8003085481990466098, guid: 53843d6faef61ea48ae2627620a40a8e,
        type: 3}
      propertyPath: m_AnchoredPosition.x
      value: 0
      objectReference: {fileID: 0}
    - target: {fileID: 8003085481990466098, guid: 53843d6faef61ea48ae2627620a40a8e,
        type: 3}
      propertyPath: m_AnchoredPosition.y
      value: 0
      objectReference: {fileID: 0}
    - target: {fileID: 8003085481990466098, guid: 53843d6faef61ea48ae2627620a40a8e,
        type: 3}
      propertyPath: m_LocalEulerAnglesHint.x
      value: 0
      objectReference: {fileID: 0}
    - target: {fileID: 8003085481990466098, guid: 53843d6faef61ea48ae2627620a40a8e,
        type: 3}
      propertyPath: m_LocalEulerAnglesHint.y
      value: 0
      objectReference: {fileID: 0}
    - target: {fileID: 8003085481990466098, guid: 53843d6faef61ea48ae2627620a40a8e,
        type: 3}
      propertyPath: m_LocalEulerAnglesHint.z
      value: 0
      objectReference: {fileID: 0}
    - target: {fileID: 8027019459892704308, guid: 53843d6faef61ea48ae2627620a40a8e,
        type: 3}
      propertyPath: m_AnchorMax.y
      value: 0
      objectReference: {fileID: 0}
    - target: {fileID: 8027019459892704308, guid: 53843d6faef61ea48ae2627620a40a8e,
        type: 3}
      propertyPath: m_AnchorMin.y
      value: 0
      objectReference: {fileID: 0}
    - target: {fileID: 8027019459892704308, guid: 53843d6faef61ea48ae2627620a40a8e,
        type: 3}
      propertyPath: m_AnchoredPosition.x
      value: 0
      objectReference: {fileID: 0}
    - target: {fileID: 8027019459892704308, guid: 53843d6faef61ea48ae2627620a40a8e,
        type: 3}
      propertyPath: m_AnchoredPosition.y
      value: 0
      objectReference: {fileID: 0}
    - target: {fileID: 8091328265802635607, guid: 53843d6faef61ea48ae2627620a40a8e,
        type: 3}
      propertyPath: m_AnchorMax.y
      value: 0
      objectReference: {fileID: 0}
    - target: {fileID: 8091328265802635607, guid: 53843d6faef61ea48ae2627620a40a8e,
        type: 3}
      propertyPath: m_AnchorMin.y
      value: 0
      objectReference: {fileID: 0}
    - target: {fileID: 8091328265802635607, guid: 53843d6faef61ea48ae2627620a40a8e,
        type: 3}
      propertyPath: m_AnchoredPosition.x
      value: 0
      objectReference: {fileID: 0}
    - target: {fileID: 8091328265802635607, guid: 53843d6faef61ea48ae2627620a40a8e,
        type: 3}
      propertyPath: m_AnchoredPosition.y
      value: 0
      objectReference: {fileID: 0}
    - target: {fileID: 8189686574862095702, guid: 53843d6faef61ea48ae2627620a40a8e,
        type: 3}
      propertyPath: m_AnchorMax.x
      value: 0
      objectReference: {fileID: 0}
    - target: {fileID: 8189686574862095702, guid: 53843d6faef61ea48ae2627620a40a8e,
        type: 3}
      propertyPath: m_AnchorMax.y
      value: 0
      objectReference: {fileID: 0}
    - target: {fileID: 8189686574862095702, guid: 53843d6faef61ea48ae2627620a40a8e,
        type: 3}
      propertyPath: m_SizeDelta.x
      value: 0
      objectReference: {fileID: 0}
    - target: {fileID: 8370775346756332711, guid: 53843d6faef61ea48ae2627620a40a8e,
        type: 3}
      propertyPath: sun
      value: 
      objectReference: {fileID: 2101153333046206859}
    - target: {fileID: 8370775346756332711, guid: 53843d6faef61ea48ae2627620a40a8e,
        type: 3}
      propertyPath: orientation
      value: 
      objectReference: {fileID: 2101153333046206860}
    - target: {fileID: 8517627153705879508, guid: 53843d6faef61ea48ae2627620a40a8e,
        type: 3}
      propertyPath: m_AnchorMax.x
      value: 0
      objectReference: {fileID: 0}
    - target: {fileID: 8517627153705879508, guid: 53843d6faef61ea48ae2627620a40a8e,
        type: 3}
      propertyPath: m_SizeDelta.x
      value: 0
      objectReference: {fileID: 0}
    - target: {fileID: 8674386133775842574, guid: 53843d6faef61ea48ae2627620a40a8e,
        type: 3}
      propertyPath: m_AnchorMax.x
      value: 0
      objectReference: {fileID: 0}
    - target: {fileID: 8674386133775842574, guid: 53843d6faef61ea48ae2627620a40a8e,
        type: 3}
      propertyPath: m_AnchorMax.y
      value: 0
      objectReference: {fileID: 0}
    - target: {fileID: 8674386133775842574, guid: 53843d6faef61ea48ae2627620a40a8e,
        type: 3}
      propertyPath: m_AnchorMin.y
      value: 0
      objectReference: {fileID: 0}
    - target: {fileID: 9204903439022915488, guid: 53843d6faef61ea48ae2627620a40a8e,
        type: 3}
      propertyPath: m_AnchorMax.y
      value: 0
      objectReference: {fileID: 0}
    - target: {fileID: 9204903439022915488, guid: 53843d6faef61ea48ae2627620a40a8e,
        type: 3}
      propertyPath: m_AnchorMin.y
      value: 0
      objectReference: {fileID: 0}
    - target: {fileID: 9204903439022915488, guid: 53843d6faef61ea48ae2627620a40a8e,
        type: 3}
      propertyPath: m_AnchoredPosition.x
      value: 0
      objectReference: {fileID: 0}
    - target: {fileID: 9204903439022915488, guid: 53843d6faef61ea48ae2627620a40a8e,
        type: 3}
      propertyPath: m_AnchoredPosition.y
      value: 0
      objectReference: {fileID: 0}
    - target: {fileID: 9214222522163705649, guid: 53843d6faef61ea48ae2627620a40a8e,
        type: 3}
      propertyPath: m_AnchorMax.y
      value: 0
      objectReference: {fileID: 0}
    - target: {fileID: 9214222522163705649, guid: 53843d6faef61ea48ae2627620a40a8e,
        type: 3}
      propertyPath: m_AnchorMin.y
      value: 0
      objectReference: {fileID: 0}
    - target: {fileID: 9214222522163705649, guid: 53843d6faef61ea48ae2627620a40a8e,
        type: 3}
      propertyPath: m_SizeDelta.x
      value: 0
      objectReference: {fileID: 0}
    - target: {fileID: 9214222522163705649, guid: 53843d6faef61ea48ae2627620a40a8e,
        type: 3}
      propertyPath: m_SizeDelta.y
      value: 0
      objectReference: {fileID: 0}
    - target: {fileID: 9214222522163705649, guid: 53843d6faef61ea48ae2627620a40a8e,
        type: 3}
      propertyPath: m_AnchoredPosition.x
      value: 0
      objectReference: {fileID: 0}
    - target: {fileID: 9214222522163705649, guid: 53843d6faef61ea48ae2627620a40a8e,
        type: 3}
      propertyPath: m_AnchoredPosition.y
      value: 0
      objectReference: {fileID: 0}
    m_RemovedComponents: []
  m_SourcePrefab: {fileID: 100100000, guid: 53843d6faef61ea48ae2627620a40a8e, type: 3}
--- !u!1 &2094348513
GameObject:
  m_ObjectHideFlags: 0
  m_CorrespondingSourceObject: {fileID: 0}
  m_PrefabInstance: {fileID: 0}
  m_PrefabAsset: {fileID: 0}
  serializedVersion: 6
  m_Component:
  - component: {fileID: 2094348515}
  - component: {fileID: 2094348514}
  m_Layer: 0
  m_Name: ARSceneManager
  m_TagString: Untagged
  m_Icon: {fileID: 0}
  m_NavMeshLayer: 0
  m_StaticEditorFlags: 4294967295
  m_IsActive: 1
--- !u!114 &2094348514
MonoBehaviour:
  m_ObjectHideFlags: 0
  m_CorrespondingSourceObject: {fileID: 0}
  m_PrefabInstance: {fileID: 0}
  m_PrefabAsset: {fileID: 0}
  m_GameObject: {fileID: 2094348513}
  m_Enabled: 1
  m_EditorHideFlags: 0
  m_Script: {fileID: 11500000, guid: 85259343996f0af93a77bbbc344fd260, type: 3}
  m_Name: 
  m_EditorClassIdentifier: 
  _mainCamera: {fileID: 1265818076}
  _elevationProvider: {fileID: 500265763}
  _scenariosManager: {fileID: 1891169801}
--- !u!4 &2094348515
Transform:
  m_ObjectHideFlags: 0
  m_CorrespondingSourceObject: {fileID: 0}
  m_PrefabInstance: {fileID: 0}
  m_PrefabAsset: {fileID: 0}
  m_GameObject: {fileID: 2094348513}
  m_LocalRotation: {x: 0, y: 0, z: 0, w: 1}
  m_LocalPosition: {x: 0, y: 0, z: 0}
  m_LocalScale: {x: 1, y: 1, z: 1}
  m_Children: []
  m_Father: {fileID: 0}
  m_RootOrder: 5
  m_LocalEulerAnglesHint: {x: 0, y: 0, z: 0}
--- !u!1001 &2101153333046206858
PrefabInstance:
  m_ObjectHideFlags: 0
  serializedVersion: 2
  m_Modification:
    m_TransformParent: {fileID: 0}
    m_Modifications:
    - target: {fileID: 2101153331895793858, guid: 74ab7fe495e2792efa5d69cf49fa9721,
        type: 3}
      propertyPath: m_RootOrder
      value: 10
      objectReference: {fileID: 0}
    - target: {fileID: 2101153331895793858, guid: 74ab7fe495e2792efa5d69cf49fa9721,
        type: 3}
      propertyPath: m_LocalEulerAnglesHint.x
      value: 31.895002
      objectReference: {fileID: 0}
    - target: {fileID: 2101153331895793858, guid: 74ab7fe495e2792efa5d69cf49fa9721,
        type: 3}
      propertyPath: m_LocalEulerAnglesHint.y
      value: -28.271002
      objectReference: {fileID: 0}
    - target: {fileID: 2101153331895793858, guid: 74ab7fe495e2792efa5d69cf49fa9721,
        type: 3}
      propertyPath: m_LocalEulerAnglesHint.z
      value: 0
      objectReference: {fileID: 0}
    - target: {fileID: 2101153331895793871, guid: 74ab7fe495e2792efa5d69cf49fa9721,
        type: 3}
      propertyPath: m_Name
      value: Sun
      objectReference: {fileID: 0}
    - target: {fileID: 2431169073519486139, guid: 74ab7fe495e2792efa5d69cf49fa9721,
        type: 3}
      propertyPath: Target
      value: 
      objectReference: {fileID: 1265818080}
    m_RemovedComponents: []
  m_SourcePrefab: {fileID: 100100000, guid: 74ab7fe495e2792efa5d69cf49fa9721, type: 3}
--- !u!1 &2101153333046206859 stripped
GameObject:
  m_CorrespondingSourceObject: {fileID: 2101153331895793871, guid: 74ab7fe495e2792efa5d69cf49fa9721,
    type: 3}
  m_PrefabInstance: {fileID: 2101153333046206858}
  m_PrefabAsset: {fileID: 0}
--- !u!114 &2101153333046206860 stripped
MonoBehaviour:
  m_CorrespondingSourceObject: {fileID: 2101153331895793868, guid: 74ab7fe495e2792efa5d69cf49fa9721,
    type: 3}
  m_PrefabInstance: {fileID: 2101153333046206858}
  m_PrefabAsset: {fileID: 0}
  m_GameObject: {fileID: 2101153333046206859}
  m_Enabled: 1
  m_EditorHideFlags: 0
  m_Script: {fileID: 11500000, guid: 88df11650d1951118af20e6ede16839a, type: 3}
  m_Name: 
  m_EditorClassIdentifier: 
